<collection xmlns="http://www.loc.gov/MARC21/slim">
<record>
  <leader>01833nam0a22002651i 450 </leader>
  <controlfield tag="001">IT\ICCU\CNCE\054615</controlfield>
  <controlfield tag="005">20060406000000.0</controlfield>
  <datafield tag="012" ind1=" " ind2=" ">
    <subfield code="a">aba: lie- udu- utab (C) 1517 (Q)</subfield>
    <subfield code="2">fei</subfield>
  </datafield>
  <datafield tag="100" ind1=" " ind2=" ">
    <subfield code="a">20031031f1517        0itac0103    ba</subfield>
  </datafield>
  <datafield tag="101" ind1=" " ind2=" ">
    <subfield code="a">LAT</subfield>
  </datafield>
  <datafield tag="102" ind1=" " ind2=" ">
    <subfield code="a">IT</subfield>
  </datafield>
  <datafield tag="200" ind1="1" ind2=" ">
    <subfield code="a">Bulla s.d.n. Leonis. papae. X pontificis maximi impositionis vnius integre decime omnium &amp; singulorum fructuum reddituum &amp; proventuum secundum verum valorem anuum omnium provinciarum civitatum &amp; terrarum Romane Ecclesie mediate vel immediate subiectarum ac alme Vrbis &amp; Romane Curie officiorum patriarchalium &amp; aliarum ecclesiarum monasteriorum dignitatum officiorum &amp; beneficiorum ecclesiasticorum secularium &amp; regularium virorum &amp; mulierum quorumvis ordinum et mendicantium ex privilegio vel alias certos redditus huntium ac militarum in provinciis civitatibus terris &amp; locis prefate. S. R. Ecc. mediate vel immediate subiectis confitentium in necessariam defensionem status eiusdem. s.r.e &amp; non in alios vsus convertende</subfield>
  </datafield>
  <datafield tag="210" ind1=" " ind2=" ">
    <subfield code="d">\1517?!</subfield>
  </datafield>
  <datafield tag="215" ind1=" " ind2=" ">
    <subfield code="a">\6! c.</subfield>
    <subfield code="d">4ʻ</subfield>
  </datafield>
  <datafield tag="300" ind1=" " ind2=" ">
    <subfield code="a">Stampata a Roma da Giacomo Mazzocchi; per il tipografo e la data cfr.: F. Ascarelli, Annali tipografici di Giacomo Mazzocchi, p. 110, n. 112. - La data si ricava dal datum</subfield>
  </datafield>
  <datafield tag="620" ind1=" " ind2=" ">
    <subfield code="a">IT</subfield>
    <subfield code="d">Roma</subfield>
  </datafield>
  <datafield tag="700" ind1=" " ind2="0">
    <subfield code="a">Leo</subfield>
    <subfield code="c"> &lt;papa</subfield>
    <subfield code="c"> ; 10.&gt;</subfield>
    <subfield code="3">IT\ICCU\CNCA\003148</subfield>
  </datafield>
  <datafield tag="712" ind1="0" ind2="0">
    <subfield code="a">Mazzocchi, Giacomo</subfield>
    <subfield code="3">IT\ICCU\CNCT\000067</subfield>
    <subfield code="4">650</subfield>
  </datafield>
  <datafield tag="790" ind1=" " ind2="1">
    <subfield code="a">Medici,</subfield>
    <subfield code="b">Giovanni : de&apos;</subfield>
    <subfield code="3">IT\ICCU\CNCA\014500</subfield>
    <subfield code="z">Leo &lt;papa ; 10.&gt;</subfield>
  </datafield>
  <datafield tag="791" ind1="0" ind2="0">
    <subfield code="a">Mazochius, Iacobus</subfield>
    <subfield code="3">IT\ICCU\CNCT\003989</subfield>
    <subfield code="z">Mazzocchi, Giacomo</subfield>
  </datafield>
  <datafield tag="791" ind1="0" ind2="0">
    <subfield code="a">Mazochis, Iacobus de</subfield>
    <subfield code="3">IT\ICCU\CNCT\005139</subfield>
    <subfield code="z">Mazzocchi, Giacomo</subfield>
  </datafield>
  <datafield tag="791" ind1="0" ind2="0">
    <subfield code="a">Mazocchius, Iacobus</subfield>
    <subfield code="3">IT\ICCU\CNCT\005140</subfield>
    <subfield code="z">Mazzocchi, Giacomo</subfield>
  </datafield>
  <datafield tag="801" ind1=" " ind2="3">
    <subfield code="a">IT</subfield>
    <subfield code="b">ICCU</subfield>
    <subfield code="c">20201115</subfield>
  </datafield>
  <datafield tag="899" ind1=" " ind2=" ">
    <subfield code="a">Biblioteca Casanatense. Roma</subfield>
    <subfield code="1">RM0313</subfield>
    <subfield code="2">RML 07</subfield>
  </datafield>
  <datafield tag="899" ind1=" " ind2=" ">
    <subfield code="a">Biblioteca nazionale Marciana. Venezia</subfield>
    <subfield code="1">VE0049</subfield>
    <subfield code="2">VEA BM</subfield>
  </datafield>
</record>
</collection>
